<?xml version="1.0" encoding="UTF-8"?><record xmlns="http://www.loc.gov/MARC21/slim" xmlns:cinclude="http://apache.org/cocoon/include/1.0" xmlns:zs="http://www.loc.gov/zing/srw/">
  <leader>00366nz  a2200133n  4500</leader>
  <controlfield tag="001">n  93022396 </controlfield>
  <controlfield tag="003">DLC</controlfield>
  <controlfield tag="005">19930310132035.8</controlfield>
  <controlfield tag="008">930310n| acannaab|          |n aaa |||  </controlfield>
  <datafield tag="010" ind1=" " ind2=" ">
    <subfield code="a">n  93022396 </subfield>
  </datafield>
  <datafield tag="040" ind1=" " ind2=" ">
    <subfield code="a">DLC</subfield>
    <subfield code="c">DLC</subfield>
  </datafield>
  <datafield tag="100" ind1="1" ind2="0">
    <subfield code="a">Hamer, Frank,</subfield>
    <subfield code="d">1884-1955</subfield>
  </datafield>
  <datafield tag="670" ind1=" " ind2=" ">
    <subfield code="a">Frost, H.G. I'm Frank Hamer, 1993.</subfield>
  </datafield>
  <datafield tag="670" ind1=" " ind2=" ">
    <subfield code="a">LC data base, 3/10/93</subfield>
    <subfield code="b">(hdg.: Hamer, Frank, 1884-1955)</subfield>
  </datafield>
</record>